@article{cantu1998survey,
	title={A survey of parallel genetic algorithms},
	author={Cant{\'u}-Paz, Erick},
	journal={Calculateurs paralleles, reseaux et systems repartis},
	volume={10},
	number={2},
	pages={141--171},
	year={1998}
}

@article{dalcin2011parallel,
	title={Parallel distributed computing using Python},
	author={Dalcin, Lisandro D and Paz, Rodrigo R and Kler, Pablo A and Cosimo, Alejandro},
	journal={Advances in Water Resources},
	volume={34},
	number={9},
	pages={1124--1139},
	year={2011},
	publisher={Elsevier}
}


@article{gonccalves2005hybrid,
	title={A hybrid genetic algorithm for the job shop scheduling problem},
	author={Gon{\c{c}}alves, Jos{\'e} Fernando and de Magalh{\~a}es Mendes, Jorge Jos{\'e} and Resende, Maur{\i}cio GC},
	journal={European journal of operational research},
	volume={167},
	number={1},
	pages={77--95},
	year={2005},
	publisher={Elsevier}
}
@article{kao2008hybrid,
	title={A hybrid genetic algorithm and particle swarm optimization for multimodal functions},
	author={Kao, Yi-Tung and Zahara, Erwie},
	journal={Applied Soft Computing},
	volume={8},
	number={2},
	pages={849--857},
	year={2008},
	publisher={Elsevier}
}


@article{kim2007hybrid,
	title={A hybrid genetic algorithm and bacterial foraging approach for global optimization},
	author={Kim, Dong Hwa and Abraham, Ajith and Cho, Jae Hoon},
	journal={Information Sciences},
	volume={177},
	number={18},
	pages={3918--3937},
	year={2007},
	publisher={Elsevier}
}


@article{lippmann1987introduction,
	title={An introduction to computing with neural nets},
	author={Lippmann, Richard},
	journal={IEEE Assp magazine},
	volume={4},
	number={2},
	pages={4--22},
	year={1987},
	publisher={IEEE}
}

@ARTICLE{liu_schmidt,
	title = {Parallel Pattern-Based Systems for Computational Biology: A Case Study},
	author = {W. Liu and B. Schmidt},
	journal = {IEEE Transactions on Parallel \& Distributed Systems},
	year = {2006},
	volume = {17},
	number = {},
	pages = {750-763},
	keywords={High-performance computational biology; dynamic programming algorithms; hierarchical parallel genetic algorithms; parallel patterns; generic programming.},
	doi = {10.1109/TPDS.2006.109},
	url = {doi.ieeecomputersociety.org/10.1109/TPDS.2006.109},
	ISSN = {1045-9219},
	month={08}
}

@inproceedings{maclaurin2015gradient,
	title={Gradient-based hyperparameter optimization through reversible learning},
	author={Maclaurin, Dougal and Duvenaud, David and Adams, Ryan},
	booktitle={International Conference on Machine Learning},
	pages={2113--2122},
	year={2015}
}

@article{jaderberg2017population,
	title={Population based training of neural networks},
	author={Jaderberg, Max and Dalibard, Valentin and Osindero, Simon and Czarnecki, Wojciech M and Donahue, Jeff and Razavi, Ali and Vinyals, Oriol and Green, Tim and Dunning, Iain and Simonyan, Karen and others},
	journal={arXiv preprint arXiv:1711.09846},
	year={2017}
}

@article{srinivas2009gaussian,
	title={Gaussian process optimization in the bandit setting: No regret and experimental design},
	author={Srinivas, Niranjan and Krause, Andreas and Kakade, Sham M and Seeger, Matthias},
	journal={arXiv preprint arXiv:0912.3995},
	year={2009}
}

@inproceedings{domhan2015speeding,
	title={Speeding Up Automatic Hyperparameter Optimization of Deep Neural Networks by Extrapolation of Learning Curves.},
	author={Domhan, Tobias and Springenberg, Jost Tobias and Hutter, Frank},
	booktitle={IJCAI},
	volume={15},
	pages={3460--8},
	year={2015}
}

@inproceedings{gonzalez2016batch,
	title={Batch bayesian optimization via local penalization},
	author={Gonz{\'a}lez, Javier and Dai, Zhenwen and Hennig, Philipp and Lawrence, Neil},
	booktitle={Artificial Intelligence and Statistics},
	pages={648--657},
	year={2016}
}

@inproceedings{schwab20164th,
	title={The 4th industrial revolution},
	author={Schwab, Klaus},
	booktitle={World Economic Forum. New York: Crown Business},
	year={2016}
}

@article{stanley2002evolving,
	title={Evolving neural networks through augmenting topologies},
	author={Stanley, Kenneth O and Miikkulainen, Risto},
	journal={Evolutionary computation},
	volume={10},
	number={2},
	pages={99--127},
	year={2002},
	publisher={MIT Press}
}

@article{hopfield1985neural,
	title={“Neural” computation of decisions in optimization problems},
	author={Hopfield, John J and Tank, David W},
	journal={Biological cybernetics},
	volume={52},
	number={3},
	pages={141--152},
	year={1985},
	publisher={Springer}
}

@article{goh1995back,
	title={Back-propagation neural networks for modeling complex systems},
	author={Goh, Anthony TC},
	journal={Artificial Intelligence in Engineering},
	volume={9},
	number={3},
	pages={143--151},
	year={1995},
	publisher={Elsevier}
}

@article{werbos1974beyond,
	title={Beyond Regression:" New Tools for Prediction and Analysis in the Behavioral Sciences},
	author={Werbos, Paul},
	journal={Ph. D. dissertation, Harvard University},
	year={1974}
}

@book{goodfellow2016deep,
	title={Deep learning},
	author={Goodfellow, Ian and Bengio, Yoshua and Courville, Aaron and Bengio, Yoshua},
	volume={1},
	year={2016},
	publisher={MIT press Cambridge}
}

@book{darwin2004origin,
	title={On the origin of species, 1859},
	author={Darwin, Charles},
	year={2004},
	publisher={Routledge}
}

@book{mitchell1998introduction,
	title={An introduction to genetic algorithms},
	author={Mitchell, Melanie},
	year={1998},
	publisher={MIT press}
}

@article{whitley1994genetic,
	title={A genetic algorithm tutorial},
	author={Whitley, Darrell},
	journal={Statistics and computing},
	volume={4},
	number={2},
	pages={65--85},
	year={1994},
	publisher={Springer}
}

@article{masel2011genetic,
	title={Genetic drift},
	author={Masel, Joanna},
	journal={Current Biology},
	volume={21},
	number={20},
	pages={R837--R838},
	year={2011},
	publisher={Elsevier}
}

@article{bergstra2012random,
	title={Random search for hyper-parameter optimization},
	author={Bergstra, James and Bengio, Yoshua},
	journal={Journal of Machine Learning Research},
	volume={13},
	number={Feb},
	pages={281--305},
	year={2012}
}

@inproceedings{bergstra2011algorithms,
	title={Algorithms for hyper-parameter optimization},
	author={Bergstra, James S and Bardenet, R{\'e}mi and Bengio, Yoshua and K{\'e}gl, Bal{\'a}zs},
	booktitle={Advances in neural information processing systems},
	pages={2546--2554},
	year={2011}
}

@article{varetto1998genetic,
	title={Genetic algorithms applications in the analysis of insolvency risk},
	author={Varetto, Franco},
	journal={Journal of Banking \& Finance},
	volume={22},
	number={10-11},
	pages={1421--1439},
	year={1998},
	publisher={Elsevier}
}

@article{hsu2003practical,
	title={A practical guide to support vector classification},
	author={Hsu, Chih-Wei and Chang, Chih-Chung and Lin, Chih-Jen and others},
	year={2003},
	publisher={Taipei}
}

@article{manikas2007genetic,
	title={Genetic algorithms for autonomous robot navigation},
	author={Manikas, Theodore W and Ashenayi, Kaveh and Wainwright, Roger L},
	journal={IEEE Instrumentation \& Measurement Magazine},
	volume={10},
	number={6},
	year={2007},
	publisher={IEEE}
}

@article{chicco2017ten,
	title={Ten quick tips for machine learning in computational biology},
	author={Chicco, Davide},
	journal={BioData mining},
	volume={10},
	number={1},
	pages={35},
	year={2017},
	publisher={BioMed Central}
}

@article{gen1997genetic,
	title={Genetic Algorithms and Engineering Design Wiley J New York Google Scholar},
	author={Gen, M and Cheng, R},
	year={1997}
}

@article{solis1981minimization,
	title={Minimization by random search techniques},
	author={Solis, Francisco J and Wets, Roger J-B},
	journal={Mathematics of operations research},
	volume={6},
	number={1},
	pages={19--30},
	year={1981},
	publisher={INFORMS}
}

@misc{DEvol,
	author = {Davison, Joe},
	title = {devol},
	year = {2017},
	publisher = {GitHub},
	journal = {GitHub repository},
	howpublished = {\url{https://github.com/joeddav/devol}},
	commit = {e05747ea1b6e3510547ebfb0eec9c7f40aa99f28}
}

@article{DEAP_JMLR2012, 
	author    = " F\'elix-Antoine Fortin and Fran\c{c}ois-Michel {De Rainville} and Marc-Andr\'e Gardner and Marc Parizeau and Christian Gagn\'e ",
	title     = { {DEAP}: Evolutionary Algorithms Made Easy },
	pages    = { 2171--2175 },
	volume    = { 13 },
	month     = { jul },
	year      = { 2012 },
	journal   = { Journal of Machine Learning Research }
}

@inproceedings{olson2016automating,
	title={Automating biomedical data science through tree-based pipeline optimization},
	author={Olson, Randal S and Urbanowicz, Ryan J and Andrews, Peter C and Lavender, Nicole A and Moore, Jason H and others},
	booktitle={European Conference on the Applications of Evolutionary Computation},
	pages={123--137},
	year={2016},
	organization={Springer}
}

@inproceedings{olson2016evaluation,
	title={Evaluation of a tree-based pipeline optimization tool for automating data science},
	author={Olson, Randal S and Bartley, Nathan and Urbanowicz, Ryan J and Moore, Jason H},
	booktitle={Proceedings of the Genetic and Evolutionary Computation Conference 2016},
	pages={485--492},
	year={2016},
	organization={ACM}
}

@misc{insidehpc, 
	author    = {Friedman, Richard},
	title     = {Intel Releases Optimized Python for HPC},
	year      = {2017}, 
	month     = { Feb. }
}

@misc{pypy,
	title = {How fast is PyPy?},
	howpublished = {\url{http://speed.pypy.org/}},
	note = {Accessed: 2018-09-07}
}

@misc{chollet2015keras,
	title={Keras},
	author={Chollet, Fran\c{c}ois and others},
	year={2015},
	howpublished={\url{https://keras.io}},
}

@misc{pyrexDocumentation,
	title = {Pyrex Documentation},
	howpublished = {\url{https://wiki.python.org/moin/Pyrex}},
	note = {Accessed: 2018-09-07}
}

@misc{TCHPC_clusters,
	title = {Research IT, Cluster},
	howpublished = {\url{https://www.tchpc.tcd.ie/resources/clusters}},
	note = {Accessed: 2018-09-07}
}


@misc{pyrexLimitations,
	title = {Limitations},
	howpublished = {\url{https://www.cosc.canterbury.ac.nz/greg.ewing/python/Pyrex/version/Doc/Manual/Limitations.html}},
	note = {Accessed: 2018-09-07}
}

@inproceedings{li2007efficient,
	title={An efficient fine-grained parallel genetic algorithm based on gpu-accelerated},
	author={Li, Jian-Ming and Wang, Xiao-Jing and He, Rong-Sheng and Chi, Zhong-Xian},
	booktitle={Network and parallel computing workshops, 2007. NPC workshops. IFIP international conference on},
	pages={855--862},
	year={2007},
	organization={IEEE}
}

@article{marakeby2013analysis,
	title={Analysis of MD5 Algorithm Safety against Hardware Implementation of Brute Force Attack International Journal of Advanced Research},
	author={Marakeby, AL},
	journal={Computer and Communication Engineering},
	volume={2},
	number={9},
	pages={3332--3335},
	year={2013}
}

@misc{pythonDocumentation,
	title = {Python 3.4.9 Documentation, The Python Standard Library, Concurrent Execution, multiprocessing — Process-based parallelism},
	howpublished = {\url{https://docs.python.org/3.4/library/}},
	year      = {2018}, 
	month     = { Aug. }
	note = {Accessed: 2018-09-07}
}

@article{dalcin2008mpi,
	title={MPI for Python: Performance improvements and MPI-2 extensions},
	author={Dalc{\i}n, Lisandro and Paz, Rodrigo and Storti, Mario and D’El{\i}a, Jorge},
	journal={Journal of Parallel and Distributed Computing},
	volume={68},
	number={5},
	pages={655--662},
	year={2008}
}


@inproceedings{snoek2012practical,
	title={Practical bayesian optimization of machine learning algorithms},
	author={Snoek, Jasper and Larochelle, Hugo and Adams, Ryan P},
	booktitle={Advances in neural information processing systems},
	pages={2951--2959},
	year={2012}
}


@inproceedings{feurer2015efficient,
	title={Efficient and robust automated machine learning},
	author={Feurer, Matthias and Klein, Aaron and Eggensperger, Katharina and Springenberg, Jost and Blum, Manuel and Hutter, Frank},
	booktitle={Advances in Neural Information Processing Systems},
	pages={2962--2970},
	year={2015}
}


@inproceedings{larsen1996design,
	title={Design and regularization of neural networks: the optimal use of a validation set},
	author={Larsen, Jan and Hansen, Lars Kai and Svarer, Claus and Ohlsson, M},
	booktitle={Neural Networks for Signal Processing [1996] VI. Proceedings of the 1996 IEEE Signal Processing Society Workshop},
	pages={62--71},
	year={1996},
	organization={IEEE}
}


@article{wang2005hybrid,
	title={Hybrid genetic algorithm based on quantum computing for numerical optimization and parameter estimation},
	author={Wang, Ling and Tang, Fang and Wu, Hao},
	journal={Applied Mathematics and Computation},
	volume={171},
	number={2},
	pages={1141--1156},
	year={2005},
	publisher={Elsevier}
}


@article{almasi1988highly,
	title={Highly parallel computing},
	author={Almasi, George S and Gottlieb, Allan},
	year={1988},
	publisher={Menlo Park, CA (USA); Benjamin-Cummings Pub. Co.}
}


@article{hwu2014ahead,
	title={What is ahead for parallel computing},
	author={Hwu, Wen-mei},
	journal={Journal of Parallel and Distributed Computing},
	volume={74},
	number={7},
	pages={2574--2581},
	year={2014},
	publisher={Elsevier}
}


@book{kumar1994introduction,
	title={Introduction to parallel computing: design and analysis of algorithms},
	author={Kumar, Vipin and Grama, Ananth and Gupta, Anshul and Karypis, George},
	volume={400},
	year={1994},
	publisher={Benjamin/Cummings Redwood City}
}

@inproceedings{wahib2011optimization,
	title={Optimization of parallel genetic algorithms for nVidia GPUs},
	author={Wahib, Mohamed and Munawar, Asim and Munetomo, Masaharu and Akama, Kiyoshi},
	booktitle={Evolutionary Computation (CEC), 2011 IEEE Congress on},
	pages={803--811},
	year={2011},
	organization={IEEE}
}


@article{shor1999polynomial,
	title={Polynomial-time algorithms for prime factorization and discrete logarithms on a quantum computer},
	author={Shor, Peter W},
	journal={SIAM review},
	volume={41},
	number={2},
	pages={303--332},
	year={1999},
	publisher={SIAM}
}

@inproceedings{udrescu2006implementing,
	title={Implementing quantum genetic algorithms: a solution based on Grover's algorithm},
	author={Udrescu, Mihai and Prodan, Lucian and Vl{\u{a}}du{\c{t}}iu, Mircea},
	booktitle={Proceedings of the 3rd Conference on Computing Frontiers},
	pages={71--82},
	year={2006},
	organization={ACM}
}

