@article{MooreLaw,
  title={The end of moore's law: A new beginning for information technology},
  author={Theis, Thomas N and Wong, H-S Philip},
  journal={Computing in Science \& Engineering},
  volume={19},
  number={2},
  pages={41--50},
  year={2017},
  publisher={IEEE}
}