@book{hennessy2011computer,
	title={Computer architecture: a quantitative approach},
	author={Hennessy, John L and Patterson, David A},
	year={2011},
	publisher={Elsevier}
}

@article{cantu1998survey,
	title={A survey of parallel genetic algorithms},
	author={Cant{\'u}-Paz, Erick},
	journal={Calculateurs paralleles, reseaux et systems repartis},
	volume={10},
	number={2},
	pages={141--171},
	year={1998}
}

@article{MooreLaw,
	title={The end of moore's law: A new beginning for information technology},
	author={Theis, Thomas N and Wong, H-S Philip},
	journal={Computing in Science \& Engineering},
	volume={19},
	number={2},
	pages={41--50},
	year={2017},
	publisher={IEEE}
}

@inproceedings{li2007efficient,
	title={An efficient fine-grained parallel genetic algorithm based on gpu-accelerated},
	author={Li, Jian-Ming and Wang, Xiao-Jing and He, Rong-Sheng and Chi, Zhong-Xian},
	booktitle={Network and parallel computing workshops, 2007. NPC workshops. IFIP international conference on},
	pages={855--862},
	year={2007},
	organization={IEEE}
}


@article{wang2005hybrid,
	title={Hybrid genetic algorithm based on quantum computing for numerical optimization and parameter estimation},
	author={Wang, Ling and Tang, Fang and Wu, Hao},
	journal={Applied Mathematics and Computation},
	volume={171},
	number={2},
	pages={1141--1156},
	year={2005},
	publisher={Elsevier}
}

@book{goodfellow2016deep,
	title={Deep learning},
	author={Goodfellow, Ian and Bengio, Yoshua and Courville, Aaron and Bengio, Yoshua},
	volume={1},
	year={2016},
	publisher={MIT press Cambridge}
}

@article{hopfield1985neural,
	title={“Neural” computation of decisions in optimization problems},
	author={Hopfield, John J and Tank, David W},
	journal={Biological cybernetics},
	volume={52},
	number={3},
	pages={141--152},
	year={1985},
	publisher={Springer}
}
